@book{gouws_2008,
    place={Wellington},
    title={Understanding small, permanent magnet brushed DC motors},
    url={https://ecs.wgtn.ac.nz/foswiki/pub/Courses/ECEN315_2020T1/Assignments/DCmotor_transfer_function.pdf},
    publisher={Victoria University of Wellington},
    author={Gouws, Gideon},
    year={2008}
}